@misc{computerworld, title={Meet the fastest, most powerful science machine in the world: Titan supercomputer}, url={http://www.computerworld.com/article/2473620/high-performance-computing/meet-the-fastest--most-powerful-science-machine-in-the-world--titan-super.html}, journal={Computerworld}
} 


@techreport{lucas2014doe,
  title={DOE Advanced Scientific Computing Advisory Subcommittee (ASCAC) Report: Top Ten Exascale Research Challenges},
  author={Lucas, Robert and Ang, James and Bergman, Keren and Borkar, Shekhar and Carlson, William and Carrington, Laura and Chiu, George and Colwell, Robert and Dally, William and Dongarra, Jack and others},
  year={2014},
  institution={USDOE Office of Science (SC)(United States)}
}

@article{tolentino2012optimist,
  title={The optimist, the pessimist, and the global race to exascale in 20 megawatts},
  author={Tolentino, Matthew and Cameron, Kirk W},
  journal={Computer},
  volume={45},
  number={1},
  pages={0095--97},
  year={2012},
  publisher={IEEE Computer Society}
}

@inproceedings{marathe2015run,
  title={A run-time system for power-constrained HPC applications},
  author={Marathe, Aniruddha and Bailey, Peter E and Lowenthal, David K and Rountree, Barry and Schulz, Martin and de Supinski, Bronis R},
  booktitle={High Performance Computing},
  pages={394--408},
  year={2015},
  organization={Springer}
}

@inproceedings{lee2009energy,
  title={Energy-saving dvfs scheduling of multiple periodic real-time tasks on multi-core processors},
  author={Lee, Wan Yeon},
  booktitle={Proceedings of the 2009 13th IEEE/ACM International Symposium on Distributed Simulation and Real Time Applications},
  pages={216--223},
  year={2009},
  organization={IEEE Computer Society}
}

@inproceedings{rountree2011practical,
  title={Practical performance prediction under dynamic voltage frequency scaling},
  author={Rountree, Barry and Lowenthal, David K and Schulz, Martin and De Supinski, Bronis R},
  booktitle={Green Computing Conference and Workshops (IGCC), 2011 International},
  pages={1--8},
  year={2011},
  organization={IEEE}
}

@article{donofrio2009energy,
  title={Energy-Efficient Computing for Extreme-Scale Science.},
  author={Donofrio, David and Oliker, Leonid and Shalf, John and Wehner, Michael F and Rowen, Chris and Krueger, Jens and Kamil, Shoaib and Mohiyuddin, Marghoob},
  journal={IEEE Computer},
  volume={42},
  number={11},
  pages={62--71},
  year={2009}
}

@inproceedings{rountree2009adagio,
  title={Adagio: making dvs practical for complex hpc applications},
  author={Rountree, Barry and Lownenthal, David K and de Supinski, Bronis R and Schulz, Martin and Freeh, Vincent W and Bletsch, Tyler},
  booktitle={Proceedings of the 23rd international conference on Supercomputing},
  pages={460--469},
  year={2009},
  organization={ACM}
}

@inproceedings{rodero2010investigating,
  title={Investigating the potential of application-centric aggressive power management for HPC workloads},
  author={Rodero, Ivan and Chandra, Sharat and Parashar, Manish and Muralidhar, Rajeev and Seshadri, Harinarayanan and Poole, Stephen},
  booktitle={High Performance Computing (HiPC), 2010 International Conference on},
  pages={1--10},
  year={2010},
  organization={IEEE}
}

@inproceedings{rountree2007bounding,
  title={Bounding energy consumption in large-scale MPI programs},
  author={Rountree, Barry and Lowenthal, David K and Funk, Shelby and Freeh, Vincent W and De Supinski, Bronis R and Schulz, Martin},
  booktitle={Proceedings of the 2007 ACM/IEEE conference on Supercomputing},
  pages={49},
  year={2007},
  organization={ACM}
}

@article{li2010hybrid,
  title={Hybrid MPI/OpenMP power-aware computing},
  author={Li, Dong and De Supinski, Bronis R and Schulz, Martin and Cameron, Kirk and Nikolopoulos, Dimitrios S},
  year={2010},
  publisher={IEEE}
}

@article{lively2011energy,
  title={Energy and performance characteristics of different parallel implementations of scientific applications on multicore systems},
  author={Lively, Charles and Wu, Xingfu and Taylor, Valerie and Moore, Shirley and Chang, Hung-Ching and Cameron, Kirk},
  journal={International Journal of High Performance Computing Applications},
  volume={25},
  number={3},
  pages={342--350},
  year={2011},
  publisher={SAGE Publications}
}

@inproceedings{gamell2013exploring,
  title={Exploring power behaviors and trade-offs of in-situ data analytics},
  author={Gamell, Marc and Rodero, Ivan and Parashar, Manish and Bennett, Janine C and Kolla, Hemanth and Chen, Jacqueline and Bremer, Peer-Timo and Landge, Aaditya G and Gyulassy, Attila and McCormick, Patrick and others},
  booktitle={Proceedings of the International Conference on High Performance Computing, Networking, Storage and Analysis},
  pages={77},
  year={2013},
  organization={ACM}
}

@inproceedings{rountree2012beyond,
  title={Beyond DVFS: A first look at performance under a hardware-enforced power bound},
  author={Rountree, Barry and Ahn, Dong H and De Supinski, Bronis R and Lowenthal, David K and Schulz, Martin},
  booktitle={Parallel and Distributed Processing Symposium Workshops \& PhD Forum (IPDPSW), 2012 IEEE 26th International},
  pages={947--953},
  year={2012},
  organization={IEEE}
}

@article{liu2010survey,
  title={A survey of the research on power management techniques for high-performance systems},
  author={Liu, Yongpeng and Zhu, Hong},
  journal={Software: Practice and Experience},
  volume={40},
  number={11},
  pages={943--964},
  year={2010},
  publisher={Wiley Online Library}
}

@inproceedings{sarood2013optimizing,
  title={Optimizing power allocation to CPU and memory subsystems in overprovisioned HPC systems},
  author={Sarood, Osman and Langer, Akhil and Kal{\'e}, Laxmikant and Rountree, Barry and De Supinski, Bronis},
  booktitle={Cluster Computing (CLUSTER), 2013 IEEE International Conference on},
  pages={1--8},
  year={2013},
  organization={IEEE}
}

@article{imamura2012optimizing,
  title={Optimizing power-performance trade-off for parallel applications through dynamic core and frequency scaling},
  author={Imamura, Satoshi and Sasaki, Hiroshi and Fukumoto, Naoto and Inoue, Koji and Murakami, Kazuaki},
  journal={Proceedings of the RESoLVE},
  volume={12},
  year={2012}
}

@inproceedings{pelley2010power,
  title={Power routing: dynamic power provisioning in the data center},
  author={Pelley, Steven and Meisner, David and Zandevakili, Pooya and Wenisch, Thomas F and Underwood, Jack},
  booktitle={ACM Sigplan Notices},
  volume={45},
  number={3},
  pages={231--242},
  year={2010},
  organization={ACM}
}

@article{hamilton2008cost,
  title={Cost of power in large-scale data centers},
  author={Hamilton, James},
  journal={Blog entry dated},
  volume={11},
  pages={28},
  year={2008}
}

@inproceedings{david2010rapl,
  title={RAPL: memory power estimation and capping},
  author={David, Howard and Gorbatov, Eugene and Hanebutte, Ulf R and Khanna, Rahul and Le, Christian},
  booktitle={Low-Power Electronics and Design (ISLPED), 2010 ACM/IEEE International Symposium on},
  pages={189--194},
  year={2010},
  organization={IEEE}
}

@inproceedings{porterfield2015application,
  title={Application runtime variability and power optimization for exascale computers},
  author={Porterfield, Allan and Fowler, Rob and Bhalachandra, Sridutt and Rountree, Barry and Deb, Diptorup and Lewis, Rob},
  booktitle={Proceedings of the 5th International Workshop on Runtime and Operating Systems for Supercomputers},
  pages={3},
  year={2015},
  organization={ACM}
}

@article{hahnel2012measuring,
  title={Measuring energy consumption for short code paths using RAPL},
  author={H{\"a}hnel, Marcus and D{\"o}bel, Bj{\"o}rn and V{\"o}lp, Marcus and H{\"a}rtig, Hermann},
  journal={ACM SIGMETRICS Performance Evaluation Review},
  volume={40},
  number={3},
  pages={13--17},
  year={2012},
  publisher={ACM}
}

@inproceedings{adhinarayanan2015greenness,
  title={On the Greenness of In-Situ and Post-Processing Visualization Pipelines},
  author={Adhinarayanan, Vignesh and Feng, Wu-chun and Woodring, Jonathan and Rogers, David and Ahrens, James},
  booktitle={Parallel and Distributed Processing Symposium Workshop (IPDPSW), 2015 IEEE International},
  pages={880--887},
  year={2015},
  organization={IEEE}
}


@misc{lowmachnumbercombustion, title={Laboratory-Scale Flames}, url={https://ccse.lbl.gov/research/combustion/}, journal={CCSE Research: Low Mach Number Combustion}
} 

@article{alazard2008minicourse,
  title={A minicourse on the low Mach number limit},
  author={Alazard, Thomas},
  journal={Discrete and Continuous Dynamical Systems Series S},
  volume={1},
  number={3},
  pages={365--404},
  year={2008}
}

@article{berger1984adaptive,
  title={Adaptive mesh refinement for hyperbolic partial differential equations},
  author={Berger, Marsha J and Oliger, Joseph},
  journal={Journal of computational Physics},
  volume={53},
  number={3},
  pages={484--512},
  year={1984},
  publisher={Elsevier}
}

@article{intel64and,
  title={and IA-32 Architectures Software Developer's Manual, 2011},
  author={Intel, Intel},
  journal={Intel order Number},
  year={64}
}

@article{lan2002novel,
  title={A novel dynamic load balancing scheme for parallel systems},
  author={Lan, Zhiling and Taylor, Valerie E and Bryan, Greg},
  journal={Journal of Parallel and Distributed Computing},
  volume={62},
  number={12},
  pages={1763--1781},
  year={2002},
  publisher={Elsevier}
}

@inproceedings{wen2007adaptive,
  title={An adaptive mesh refinement benchmark for modern parallel programming languages},
  author={Wen, Tong and Su, Jimmy and Colella, Phillip and Yelick, Katherine and Keen, Noel},
  booktitle={Proceedings of the 2007 ACM/IEEE conference on Supercomputing},
  pages={40},
  year={2007},
  organization={ACM}
}

@inproceedings{calder2000high,
  title={High-performance reactive fluid flow simulations using adaptive mesh refinement on thousands of processors},
  author={Calder, Alan C and Curts, BC and Dursi, LJ and Fryxell, Bruce and Henry, Greg and MacNece, P and Olson, Kevin and Ricker, P and Rosner, Robert and Timmes, Francis X and others},
  booktitle={Supercomputing, ACM/IEEE 2000 Conference},
  pages={56--56},
  year={2000},
  organization={IEEE}
}

@article{meng2008comparison,
  title={A comparison of load balancing algorithms for amr in uintah},
  author={Meng, Qingyu and Luitjens, Justin and Berzins, Martin},
  journal={Scientific Computing and Imaging Institute, University of Utah, Tech. Rep. UUSCI-2008-006},
  year={2008}
}

@misc{usingtheintelpowergadgetapionmacosx, title={Using the Intel Power Gadget API on Mac OS X}, url={https://software.intel.com/en-us/blogs/2012/12/13/using-the-intel-power-gadget-api-on-mac-os-x}, journal={Using the Intel Power Gadget API on Mac OS X}
}

@misc{exact, title={ExaCT | Center for Exascale Simulation of Combustion in Turbulence}, url={http://exactcodesign.org/}, journal={ExaCT}
}

@incollection{ CBO9780511612701A006,
author = "Norbert Peters",
title = {Turbulent combustion: The state of the art}, 
booktitle = {Turbulent Combustion}, 
publisher = {Cambridge University Press}, 
year = {2000},
pages = {1--65},
isbn = {9780511612701}, 
note = {Cambridge Books Online}, 
url = {http://dx.doi.org/10.1017/CBO9780511612701.002}
}

@article{aupoix2011transition,
  title={Transition and turbulence modeling},
  author={Aupoix, B and Arnal, D and B{\'e}zard, H and Chaouat, B and Chedevergne, F and Deck, S and Gleize, V and Grenard, P and Laroche, E},
  journal={AerospaceLab},
  number={2},
  pages={p--1},
  year={2011}
}

@misc{wikipedia, title={Navier–Stokes equations}, url={https://en.wikipedia.org/wiki/navierstokesequations}, journal={Wikipedia}, publisher={Wikimedia Foundation}
} 

@incollection{powell1993adaptive,
  title={Adaptive-mesh algorithms for computational fluid dynamics},
  author={Powell, Kenneth G and Roe, Philip L and Quirk, James},
  booktitle={Algorithmic trends in computational fluid dynamics},
  pages={303--337},
  year={1993},
  publisher={Springer}
}

@article{bell1994three,
  title={Three-dimensional adaptive mesh refinement for hyperbolic conservation laws},
  author={Bell, John and Berger, Marsha and Saltzman, Jeff and Welcome, Mike},
  journal={SIAM Journal on Scientific Computing},
  volume={15},
  number={1},
  pages={127--138},
  year={1994},
  publisher={SIAM}
}

@inproceedings{gao2008parallel,
  title={Parallel adaptive mesh refinement scheme for three-dimensional turbulent non-premixed combustion},
  author={Gao, Xinfeng and Groth, CPT},
  booktitle={46th AIAA Aerospace Sciences Meeting and Exhibit, Reno, Nevada, AIAA paper},
  volume={1017},
  pages={2008},
  year={2008}
}

@techreport{bell2012boxlib,
  title={BoxLib user’s guide},
  author={Bell, J and Almgren, A and Beckner, V and Day, M and Lijewski, M and Nonaka, A and Zhang, W},
  year={2012},
  institution={Technical Report, CCSE, Lawrence Berkeley National Laboratory. Available at: https://ccse. lbl. gov/BoxLib/BoxLibUsersGuide. pdf}
}

@inproceedings{bell2006simulation,
  title={Simulation of lean premixed turbulent combustion},
  author={Bell, J and Day, M and Almgren, A and Lijewski, M and Rendleman, C and Cheng, R and Shepherd, I},
  booktitle={Journal of Physics: Conference Series},
  volume={46},
  number={1},
  pages={1},
  year={2006},
  organization={IOP Publishing}
}

@article{kee1983fortran,
  title={Fortran computer-code package for the evaluation of gas-phase viscosities, conductivities, and diffusion coefficients.},
  author={Kee, Robert J and Warnatz, J and Miller, JA},
  journal={NTIS, SPRINGFIELD, VA(USA), 1983, 37},
  year={1983}
}

@incollection{warnatz1982influence,
  title={Influence of transport models and boundary conditions on flame structure},
  author={Warnatz, J{\"u}rgen},
  booktitle={Numerical methods in laminar flame propagation},
  pages={87--111},
  year={1982},
  publisher={Springer}
}

@article{rehm_baum_1978, title={The equations of motion for thermally driven, buoyant flows}, volume={83}, DOI={10.6028/jres.083.019}, number={3}, journal={J. RES. NATL. BUR. STAN. Journal of Research of the National Bureau of Standards}, author={Rehm, R.g. and Baum, H.r.}, year={1978}, pages={297}} 

@article{majda1985derivation,
  title={The derivation and numerical solution of the equations for zero Mach number combustion},
  author={MAJDA, ANDFREW and Sethian, James},
  journal={Combustion science and technology},
  volume={42},
  number={3-4},
  pages={185--205},
  year={1985},
  publisher={Taylor \& Francis}
}

@article{sundriyal2015runtime,
  title={Runtime Power-Aware Energy-Saving Scheme for Parallel Applications},
  author={Sundriyal, Vaibhav and Sosonkina, Masha},
  year={2015}
}


@misc{measuringpoweronintel, title={Measuring Power on Intel® Xeon Phi™ Product Family Devices}, url={https://software.intel.com/en-us/articles/measuring-power-on-intel-xeon-phi-product-family-devices}, journal={Measuring Power on Intel® Xeon Phi™ Product Family Devices}
} 

@inproceedings{ge2007cpu,
  title={Cpu miser: A performance-directed, run-time system for power-aware clusters},
  author={Ge, Rong and Feng, Xizhou and Feng, Wu-chun and Cameron, Kirk W},
  booktitle={Parallel Processing, 2007. ICPP 2007. International Conference on},
  pages={18--18},
  year={2007},
  organization={IEEE}
}

@inproceedings{hsu2005power,
  title={A power-aware run-time system for high-performance computing},
  author={Hsu, Chung-hsing and Feng, Wu-chun},
  booktitle={Proceedings of the 2005 ACM/IEEE conference on Supercomputing},
  pages={1},
  year={2005},
  organization={IEEE Computer Society}
}

@inproceedings{huang2009energy,
  title={Energy-efficient cluster computing via accurate workload characterization},
  author={Huang, S and Feng, W},
  booktitle={Proceedings of the 2009 9th IEEE/ACM International Symposium on Cluster Computing and the Grid},
  pages={68--75},
  year={2009},
  organization={IEEE Computer Society}
}

@inproceedings{freeh2005using,
  title={Using multiple energy gears in MPI programs on a power-scalable cluster},
  author={Freeh, Vincent W and Lowenthal, David K},
  booktitle={Proceedings of the tenth ACM SIGPLAN symposium on Principles and practice of parallel programming},
  pages={164--173},
  year={2005},
  organization={ACM}
}

@inproceedings{lim2006adaptive,
  title={Adaptive, transparent frequency and voltage scaling of communication phases in mpi programs},
  author={Lim, Min Yeol and Freeh, Vincent W and Lowenthal, David K},
  booktitle={SC 2006 conference, proceedings of the ACM/IEEE},
  pages={14--14},
  year={2006},
  organization={IEEE}
}

@inproceedings{kandalla2010designing,
  title={Designing power-aware collective communication algorithms for InfiniBand clusters},
  author={Kandalla, Krishna and Mancini, Emilio P and Sur, Sayantan and Panda, Dhabaleswar K},
  booktitle={Parallel Processing (ICPP), 2010 39th International Conference on},
  pages={218--227},
  year={2010},
  organization={IEEE}
}

@inproceedings{ioannou2011phase,
  title={Phase-based application-driven hierarchical power management on the single-chip cloud computer},
  author={Ioannou, Nikolas and Kauschke, Michael and Gries, Matthias and Cintra, Marcelo},
  booktitle={Parallel Architectures and Compilation Techniques (PACT), 2011 International Conference on},
  pages={131--142},
  year={2011},
  organization={IEEE}
}

@inproceedings{etinski2010optimizing,
  title={Optimizing job performance under a given power constraint in HPC centers},
  author={Etinski, Maja and Corbalan, Julita and Labarta, Jesus and Valero, MR},
  booktitle={Green Computing Conference, 2010 International},
  pages={257--267},
  year={2010},
  organization={IEEE}
}

@inproceedings{cebrian2011power,
  title={Power token balancing: Adapting cmps to power constraints for parallel multithreaded workloads},
  author={Cebri{\'a}n, Juan M and Aragon, Juan L and Kaxiras, Stefanos},
  booktitle={Parallel \& Distributed Processing Symposium (IPDPS), 2011 IEEE International},
  pages={431--442},
  year={2011},
  organization={IEEE}
}

@article{gandhi2009power,
  title={Power capping via forced idleness},
  author={Gandhi, Anshul and Harchol-Balter, Mor and Das, Rajarshi and Kephart, Jeffrey O and Lefurgy, Charles},
  year={2009}
}

@inproceedings{sartori2009distributed,
  title={Distributed peak power management for many-core architectures},
  author={Sartori, John and Kumar, Rakesh},
  booktitle={Design, Automation \& Test in Europe Conference \& Exhibition, 2009. DATE'09.},
  pages={1556--1559},
  year={2009},
  organization={IEEE}
}

@inproceedings{meng2008multi,
  title={Multi-optimization power management for chip multiprocessors},
  author={Meng, Ke and Joseph, Russ and Dick, Robert P and Shang, Li},
  booktitle={Proceedings of the 17th international conference on Parallel architectures and compilation techniques},
  pages={177--186},
  year={2008},
  organization={ACM}
}


@inproceedings{kontorinis2009reducing,
  title={Reducing peak power with a table-driven adaptive processor core},
  author={Kontorinis, Vasileios and Shayan, Amirali and Tullsen, Dean M and Kumar, Rakesh},
  booktitle={Proceedings of the 42nd annual IEEE/ACM international symposium on microarchitecture},
  pages={189--200},
  year={2009},
  organization={ACM}
}

@article{zhang2015quantitative,
  title={A Quantitative Evaluation of the RAPL Power Control System},
  author={Zhang, Huazhe and Hoffmann, Henry},
  journal={Feedback Computing},
  year={2015}
}

@inproceedings{sarood2013optimizing,
  title={Optimizing power allocation to CPU and memory subsystems in overprovisioned HPC systems},
  author={Sarood, Osman and Langer, Akhil and Kal{\'e}, Laxmikant and Rountree, Barry and De Supinski, Bronis},
  booktitle={Cluster Computing (CLUSTER), 2013 IEEE International Conference on},
  pages={1--8},
  year={2013},
  organization={IEEE}
}

@inproceedings{venkatesh2013evaluation,
  title={Evaluation of energy characteristics of mpi communication primitives with rapl},
  author={Venkatesh, Akshay and Kandalla, Krishna and Panda, Dhabaleswar K},
  booktitle={Parallel and Distributed Processing Symposium Workshops \& PhD Forum (IPDPSW), 2013 IEEE 27th International},
  pages={938--945},
  year={2013},
  organization={IEEE}
}

@inproceedings{cochran2011pack,
  title={Pack \& Cap: adaptive DVFS and thread packing under power caps},
  author={Cochran, Ryan and Hankendi, Can and Coskun, Ayse K and Reda, Sherief},
  booktitle={Proceedings of the 44th annual IEEE/ACM international symposium on microarchitecture},
  pages={175--185},
  year={2011},
  organization={ACM}
}

@techreport{crutchfield1991load,
  title={Load balancing irregular algorithms},
  author={Crutchfield, William Y},
  year={1991},
  institution={Technical Report UCRL-JC-107679, Lawrence Livermore National Laboratory}
}

@article{rendleman2000parallelization,
  title={Parallelization of structured, hierarchical adaptive mesh refinement algorithms},
  author={Rendleman, Charles A and Beckner, Vincent E and Lijewski, Mike and Crutchfield, William and Bell, John B},
  journal={Computing and Visualization in Science},
  volume={3},
  number={3},
  pages={147--157},
  year={2000},
  publisher={Springer}
}




































































































